<record><leader>00000cas a2200000 a 4500</leader><controlfield tag="001">12640928</controlfield><controlfield tag="008">851007d19351935ksudr ne      0    0eng d</controlfield><datafield ind1=" " ind2=" " tag="010"><subfield code="a">sn 85066663 </subfield></datafield><datafield ind1=" " ind2=" " tag="040"><subfield code="a">KSH</subfield><subfield code="b">eng</subfield><subfield code="c">KSH</subfield><subfield code="d">NPT</subfield><subfield code="d">OCL</subfield><subfield code="d">OCLCQ</subfield></datafield><datafield ind1=" " ind2=" " tag="042"><subfield code="a">msc</subfield></datafield><datafield ind1="0" ind2="0" tag="245"><subfield code="a">St. John daily capital.</subfield></datafield><datafield ind1="3" ind2="0" tag="246"><subfield code="a">Saint John daily capital</subfield></datafield><datafield ind1=" " ind2=" " tag="260"><subfield code="a">St. John, Kan. :</subfield><subfield code="b">John W. Lill,</subfield><subfield code="c">1935.</subfield></datafield><datafield ind1=" " ind2=" " tag="300"><subfield code="a">1 v. :</subfield><subfield code="b">ill. ;</subfield><subfield code="c">27 cm.</subfield></datafield><datafield ind1=" " ind2=" " tag="310"><subfield code="a">Daily (except Thursday and Sunday)</subfield></datafield><datafield ind1="0" ind2=" " tag="362"><subfield code="a">Vol. 1, no. 1 (Jan. 8, 1935)-v. 1, no. 224 (Nov. 18, 1935).</subfield></datafield><datafield ind1=" " ind2=" " tag="580"><subfield code="a">Also issued a weekly edition called: County capital.</subfield></datafield><datafield ind1=" " ind2=" " tag="752"><subfield code="a">United States</subfield><subfield code="b">Kansas</subfield><subfield code="c">Stafford</subfield><subfield code="d">St. John.</subfield></datafield><datafield ind1="1" ind2=" " tag="775"><subfield code="t">County capital</subfield><subfield code="w">(DLC)sn 85066668</subfield></datafield><datafield ind1="0" ind2="7" tag="785"><subfield code="t">County capital</subfield><subfield code="w">(DLC)sn 85066668</subfield></datafield><datafield ind1="0" ind2="7" tag="785"><subfield code="t">St. John daily capital and the county capital</subfield><subfield code="w">(DLC)sn 85066673</subfield></datafield><datafield ind1="1" ind2=" " tag="029"><subfield code="a">AU@</subfield><subfield code="b">000022169819</subfield></datafield></record>